<?xml version="1.0" encoding="UTF-8"?><record xmlns="http://www.loc.gov/MARC21/slim" xmlns:cinclude="http://apache.org/cocoon/include/1.0" xmlns:zs="http://www.loc.gov/zing/srw/">
  <leader>00438nz  a2200133n  4500</leader>
  <controlfield tag="001">nr 00020700 </controlfield>
  <controlfield tag="003">DLC</controlfield>
  <controlfield tag="005">20000629033730.0</controlfield>
  <controlfield tag="008">000626n| acannaabn          |n aaa     c</controlfield>
  <datafield tag="010" ind1=" " ind2=" ">
    <subfield code="a">nr 00020700 </subfield>
  </datafield>
  <datafield tag="040" ind1=" " ind2=" ">
    <subfield code="a">MoSR</subfield>
    <subfield code="b">eng</subfield>
    <subfield code="c">MoSR</subfield>
  </datafield>
  <datafield tag="100" ind1="1" ind2=" ">
    <subfield code="a">Tixier, Victor,</subfield>
    <subfield code="d">1815-1885</subfield>
  </datafield>
  <datafield tag="670" ind1=" " ind2=" ">
    <subfield code="a">Tixier's travels on the Osage prairies, 1940:</subfield>
    <subfield code="b">p. ix (Victor Tixier)</subfield>
  </datafield>
  <datafield tag="670" ind1=" " ind2=" ">
    <subfield code="a">LC database, June 27, 2000</subfield>
    <subfield code="b">(hdg.: Tixier, Victor, 1815-1885; usage: Victor Tixier)</subfield>
  </datafield>
</record>